[gd_scene load_steps=9 format=1]

[ext_resource path="res://sprites/car9.png" type="Texture" id=1]
[ext_resource path="res://scenes/car_tire_1.tscn" type="PackedScene" id=2]

[sub_resource type="ConvexPolygonShape2D" id=1]

custom_solver_bias = 0.0
points = Vector2Array( -337.164, 65.2446, -346.164, 57.2446, -328.164, 46.2446, -316.164, 49.2446 )

[sub_resource type="ConvexPolygonShape2D" id=2]

custom_solver_bias = 0.0
points = Vector2Array( 279.836, 77.2446, 271.836, 95.2446, -64.1645, 94.2446, -62.1645, 65.2446, 155.836, -103.755, 184.836, -105.755, 205.836, -99.7554 )

[sub_resource type="ConvexPolygonShape2D" id=3]

custom_solver_bias = 0.0
points = Vector2Array( -158.164, 66.2446, -316.164, 49.2446, -328.164, 46.2446, -328.164, -114.755, 155.836, -115.755, 155.836, -103.755, -62.1645, 65.2446 )

[sub_resource type="ConvexPolygonShape2D" id=4]

custom_solver_bias = 0.0
points = Vector2Array( -158.164, 66.2446, -158.164, 94.2446, -314.164, 95.2446, -316.164, 49.2446 )

[sub_resource type="ConvexPolygonShape2D" id=5]

custom_solver_bias = 0.0
points = Vector2Array( 279.836, 77.2446, 205.836, -99.7554, 302.836, -100.755, 312.836, -96.7554, 332.836, -35.7554, 332.836, 46.2446, 301.836, 78.2446 )

[sub_resource type="ConvexPolygonShape2D" id=6]

custom_solver_bias = 0.0
points = Vector2Array( 344.836, 56.2446, 344.836, 76.2446, 337.836, 84.2446, 310.836, 86.2446, 301.836, 78.2446, 332.836, 46.2446, 339.836, 48.2446 )

[node name="car_9" type="Node2D"]

[node name="body" type="RigidBody2D" parent="."]

input/pickable = false
shapes/0/shape = SubResource( 1 )
shapes/0/transform = Matrix32( 1, 0, 0, 1, 0, 0 )
shapes/0/trigger = false
shapes/1/shape = SubResource( 2 )
shapes/1/transform = Matrix32( 1, 0, 0, 1, 0, 0 )
shapes/1/trigger = false
shapes/2/shape = SubResource( 3 )
shapes/2/transform = Matrix32( 1, 0, 0, 1, 0, 0 )
shapes/2/trigger = false
shapes/3/shape = SubResource( 4 )
shapes/3/transform = Matrix32( 1, 0, 0, 1, 0, 0 )
shapes/3/trigger = false
shapes/4/shape = SubResource( 5 )
shapes/4/transform = Matrix32( 1, 0, 0, 1, 0, 0 )
shapes/4/trigger = false
shapes/5/shape = SubResource( 6 )
shapes/5/transform = Matrix32( 1, 0, 0, 1, 0, 0 )
shapes/5/trigger = false
collision/layers = 1
collision/mask = 1
mode = 0
mass = 1.0
friction = 1.0
bounce = 0.0
gravity_scale = 1.0
custom_integrator = false
continuous_cd = 0
contacts_reported = 0
contact_monitor = false
sleeping = false
can_sleep = true
velocity/linear = Vector2( 0, 0 )
velocity/angular = 0.0
damp_override/linear = -1.0
damp_override/angular = -1.0

[node name="sprite" type="Sprite" parent="body"]

texture = ExtResource( 1 )

[node name="collision" type="CollisionPolygon2D" parent="body"]

build_mode = 0
polygon = Vector2Array( -316.164, 49.2446, -337.164, 65.2446, -346.164, 57.2446, -328.164, 46.2446, -328.164, -114.755, 155.836, -115.755, 155.836, -103.755, 184.836, -105.755, 205.836, -99.7554, 302.836, -100.755, 312.836, -96.7554, 332.836, -35.7554, 332.836, 46.2446, 339.836, 48.2446, 344.836, 56.2446, 344.836, 76.2446, 337.836, 84.2446, 310.836, 86.2446, 301.836, 78.2446, 279.836, 77.2446, 271.836, 95.2446, -64.1645, 94.2446, -62.1645, 65.2446, -158.164, 66.2446, -158.164, 94.2446, -314.164, 95.2446 )
shape_range = Vector2( 0, 5 )
trigger = false

[node name="tire_1" parent="." instance=ExtResource( 2 )]

transform/pos = Vector2( -276, 94 )

[node name="tire_4" parent="." instance=ExtResource( 2 )]

transform/pos = Vector2( -28, 94 )

[node name="tire_2" parent="." instance=ExtResource( 2 )]

transform/pos = Vector2( -189, 94 )

[node name="tire_5" parent="." instance=ExtResource( 2 )]

transform/pos = Vector2( 59, 94 )

[node name="tire_3" parent="." instance=ExtResource( 2 )]

transform/pos = Vector2( 245, 94 )

[node name="joint_1" type="PinJoint2D" parent="."]

transform/pos = Vector2( -276, 94 )
node_a = NodePath("../tire_1")
node_b = NodePath("../body")
bias/bias = 0.0
collision/exclude_nodes = true
softness = 1.0

[node name="joint_4" type="PinJoint2D" parent="."]

transform/pos = Vector2( -28, 94 )
node_a = NodePath("../tire_4")
node_b = NodePath("../body")
bias/bias = 0.0
collision/exclude_nodes = true
softness = 1.0

[node name="joint_2" type="PinJoint2D" parent="."]

transform/pos = Vector2( -189, 94 )
node_a = NodePath("../tire_2")
node_b = NodePath("../body")
bias/bias = 0.0
collision/exclude_nodes = true
softness = 1.0

[node name="joint_5" type="PinJoint2D" parent="."]

transform/pos = Vector2( 59, 94 )
node_a = NodePath("../tire_5")
node_b = NodePath("../body")
bias/bias = 0.0
collision/exclude_nodes = true
softness = 1.0

[node name="joint_3" type="PinJoint2D" parent="."]

transform/pos = Vector2( 245, 94 )
node_a = NodePath("../tire_3")
node_b = NodePath("../body")
bias/bias = 0.0
collision/exclude_nodes = true
softness = 1.0


