[gd_scene load_steps=7 format=1]

[ext_resource path="res://sprites/car10.png" type="Texture" id=1]
[ext_resource path="res://scenes/car_tire_2.tscn" type="PackedScene" id=2]

[sub_resource type="ConvexPolygonShape2D" id=1]

custom_solver_bias = 0.0
points = Vector2Array( 511.577, 56.2446, 512.577, 123.245, -517.202, 117.245, -517.202, 1.24455, -494.202, -64.7554, -483.202, -64.7554 )

[sub_resource type="ConvexPolygonShape2D" id=2]

custom_solver_bias = 0.0
points = Vector2Array( -315.202, -90.7554, 511.577, -116.755, 511.577, 56.2446, -483.202, -64.7554, -479.202, -74.7554, -356.202, -88.7554 )

[sub_resource type="ConvexPolygonShape2D" id=3]

custom_solver_bias = 0.0
points = Vector2Array( -315.202, -90.7554, -312.202, -115.755, 511.577, -116.755 )

[sub_resource type="ConvexPolygonShape2D" id=4]

custom_solver_bias = 0.0
points = Vector2Array( -358.202, -112.755, -356.202, -88.7554, -479.202, -74.7554, -375.202, -122.755, -362.202, -122.755 )

[node name="car_10" type="Node2D"]

[node name="body" type="RigidBody2D" parent="."]

input/pickable = false
shapes/0/shape = SubResource( 1 )
shapes/0/transform = Matrix32( 1, 0, 0, 1, 0, 0 )
shapes/0/trigger = false
shapes/1/shape = SubResource( 2 )
shapes/1/transform = Matrix32( 1, 0, 0, 1, 0, 0 )
shapes/1/trigger = false
shapes/2/shape = SubResource( 3 )
shapes/2/transform = Matrix32( 1, 0, 0, 1, 0, 0 )
shapes/2/trigger = false
shapes/3/shape = SubResource( 4 )
shapes/3/transform = Matrix32( 1, 0, 0, 1, 0, 0 )
shapes/3/trigger = false
collision/layers = 1
collision/mask = 1
mode = 0
mass = 1.0
friction = 1.0
bounce = 0.0
gravity_scale = 1.0
custom_integrator = false
continuous_cd = 0
contacts_reported = 0
contact_monitor = false
sleeping = false
can_sleep = true
velocity/linear = Vector2( 0, 0 )
velocity/angular = 0.0
damp_override/linear = -1.0
damp_override/angular = -1.0

[node name="sprite" type="Sprite" parent="body"]

texture = ExtResource( 1 )

[node name="collision" type="CollisionPolygon2D" parent="body"]

build_mode = 0
polygon = Vector2Array( -517.202, 117.245, -517.202, 1.24455, -494.202, -64.7554, -483.202, -64.7554, -479.202, -74.7554, -375.202, -122.755, -362.202, -122.755, -358.202, -112.755, -356.202, -88.7554, -315.202, -90.7554, -312.202, -115.755, 511.577, -116.755, 511.577, 56.2446, 512.577, 123.245 )
shape_range = Vector2( 0, 3 )
trigger = false

[node name="tire_1" parent="." instance=ExtResource( 2 )]

transform/pos = Vector2( -423, 111 )

[node name="tire_2" parent="." instance=ExtResource( 2 )]

transform/pos = Vector2( -143, 111 )

[node name="tire_3" parent="." instance=ExtResource( 2 )]

transform/pos = Vector2( 220, 111 )

[node name="tire_4" parent="." instance=ExtResource( 2 )]

transform/pos = Vector2( 364, 111 )

[node name="joint_1" type="PinJoint2D" parent="."]

transform/pos = Vector2( -422, 112 )
node_a = NodePath("../tire_1")
node_b = NodePath("../body")
bias/bias = 0.0
collision/exclude_nodes = true
softness = 1.0

[node name="joint_2" type="PinJoint2D" parent="."]

transform/pos = Vector2( -143, 112 )
node_a = NodePath("../tire_2")
node_b = NodePath("../body")
bias/bias = 0.0
collision/exclude_nodes = true
softness = 1.0

[node name="joint_3" type="PinJoint2D" parent="."]

transform/pos = Vector2( 222, 112 )
node_a = NodePath("../tire_3")
node_b = NodePath("../body")
bias/bias = 0.0
collision/exclude_nodes = true
softness = 1.0

[node name="joint_4" type="PinJoint2D" parent="."]

transform/pos = Vector2( 364, 112 )
node_a = NodePath("../tire_4")
node_b = NodePath("../body")
bias/bias = 0.0
collision/exclude_nodes = true
softness = 1.0


